<mx:record xmlns="http://www.w3.org/TR/xhtml1/strict" xmlns:mx="http://www.loc.gov/MARC21/slim" xmlns:xsi="http://www.w3.org/2001/XMLSchema-instance"><mx:leader>00000nz   2200000n  0000</mx:leader><mx:controlfield tag="001">oca07456611 </mx:controlfield><mx:controlfield tag="005">20070707071035.0</mx:controlfield><mx:controlfield tag="008">070706n| acannaabn          |a aaa     c</mx:controlfield><mx:datafield ind1=" " ind2=" " tag="010"><mx:subfield code="a">no2007075248</mx:subfield></mx:datafield><mx:datafield ind1=" " ind2=" " tag="040"><mx:subfield code="a">InU</mx:subfield><mx:subfield code="b">eng</mx:subfield><mx:subfield code="c">InU</mx:subfield></mx:datafield><mx:datafield ind1="1" ind2=" " tag="100"><mx:subfield code="a">Choeroboscus, Georgius</mx:subfield></mx:datafield><mx:datafield ind1="1" ind2=" " tag="400"><mx:subfield code="a">Koiroboskos, Geōrgios</mx:subfield></mx:datafield><mx:datafield ind1="1" ind2=" " tag="400"><mx:subfield code="a">Choiroboskos, Geōrgios</mx:subfield></mx:datafield><mx:datafield ind1="0" ind2=" " tag="400"><mx:subfield code="a">Georgius,</mx:subfield><mx:subfield code="c">Choeroboscus</mx:subfield></mx:datafield><mx:datafield ind1=" " ind2=" " tag="670"><mx:subfield code="a">Thēsauros, keras amaltheias kai kēpoi Adōnidos, 1496:</mx:subfield><mx:subfield code="b">t.p. (Koiroboskou ...) verso t.p. (Choerobosci ...)</mx:subfield></mx:datafield><mx:datafield ind1=" " ind2=" " tag="670"><mx:subfield code="a">LC database, 6 July 2007</mx:subfield><mx:subfield code="b">(hdgs.: Choeroboscus, Georgius; Georgius Choeroboscus)</mx:subfield></mx:datafield><mx:datafield ind1=" " ind2=" " tag="670"><mx:subfield code="a">LCCS: PA3948.C38</mx:subfield><mx:subfield code="b">(Choeroboscus, Georgius, grammarian, fl. betw. 500 and 530 A.D.)</mx:subfield></mx:datafield><mx:datafield ind1=" " ind2=" " tag="670"><mx:subfield code="a">Dict. of universal biog., 1951:</mx:subfield><mx:subfield code="b">(Choeroboscus, Georgius, deacon and prof. at Constantinople, fl. 600)</mx:subfield></mx:datafield><mx:datafield ind1=" " ind2=" " tag="670"><mx:subfield code="a">BM</mx:subfield><mx:subfield code="b">(hdg.: Choeroboscus, Georgius; ref.: Choiroboskos, Georgios)</mx:subfield></mx:datafield></mx:record>